
    <marc:record>
        <marc:leader>01000cam# 22002601a 4500</marc:leader>
        <marc:controlfield tag="001">BCV00006596</marc:controlfield>
        <marc:controlfield tag="003">BCV-S/A</marc:controlfield>
        <marc:controlfield tag="005">20170417093356</marc:controlfield>
        <marc:controlfield tag="008">136 20|        ###||||||b   |||||||ES  ||</marc:controlfield>
        <marc:datafield tag="020"  ind1=" " ind2=" " >
            <marc:subfield code="c">9789873900389</marc:subfield>
        </marc:datafield>
        <marc:datafield tag="037"  ind1=" " ind2=" " >
            <marc:subfield code="a">00005444</marc:subfield>
        </marc:datafield>
        <marc:datafield tag="040"  ind1=" " ind2=" " >
            <marc:subfield code="a">BCV</marc:subfield>
            <marc:subfield code="b">spa</marc:subfield>
        </marc:datafield>
        <marc:datafield tag="041"  ind1=" " ind2=" " >
            <marc:subfield code="b">spa</marc:subfield>
        </marc:datafield>
        <marc:datafield tag="044"  ind1=" " ind2=" " >
            <marc:subfield code="b">ag</marc:subfield>
        </marc:datafield>
        <marc:datafield tag="080"  ind1=" " ind2=" " >
            <marc:subfield code="a">791.43.01</marc:subfield>
            <marc:subfield code="2">C359c</marc:subfield>
        </marc:datafield>
        <marc:datafield tag="080"  ind1=" " ind2=" " >
            <marc:subfield code="a">CDU</marc:subfield>
        </marc:datafield>
        <marc:datafield tag="100"  ind1=" " ind2=" " >
            <marc:subfield code="a">Ciucci Manuel</marc:subfield>
        </marc:datafield>
        <marc:datafield tag="100"  ind1=" " ind2=" " >
            <marc:subfield code="a">Russo Pablo Mariano</marc:subfield>
        </marc:datafield>
        <marc:datafield tag="100"  ind1=" " ind2=" " >
            <marc:subfield code="a">Russo Sebastián</marc:subfield>
        </marc:datafield>
        <marc:datafield tag="245"  ind1="1" ind2="0" >
            <marc:subfield code="a">Un cine hacia el socialismo: Imagenes del PRT-ERP</marc:subfield>
            <marc:subfield code="b"></marc:subfield>
            <marc:subfield code="c">comp. Manuel Ciucci, Pablo Mariano Russo y Sebastián Russo</marc:subfield>
            <marc:subfield code="h"></marc:subfield>
        </marc:datafield>
        <marc:datafield tag="260"  ind1=" " ind2=" " >
            <marc:subfield code="c">2016</marc:subfield>
            <marc:subfield code="b">Fundación La Hendija</marc:subfield>
            <marc:subfield code="a">Paraná, Entre Ríos</marc:subfield>
        </marc:datafield>
        <marc:datafield tag="300"  ind1=" " ind2=" " >
            <marc:subfield code="a">pág. 268, </marc:subfield>
            <marc:subfield code="b">fot. ; 23cm</marc:subfield>
        </marc:datafield>
        <marc:datafield tag="500"  ind1=" " ind2=" " >
            <marc:subfield code="a">Acervo Documental: 1 ej.</marc:subfield>
        </marc:datafield>
        <marc:datafield tag="500"  ind1=" " ind2=" " >
            <marc:subfield code="a">REPERTORIO DE INDIZACION (tesauro): Lista de Encabezamientos de Materia para Bibliotecas. OEA. Bogotá, 1985.</marc:subfield>
        </marc:datafield>
        <marc:datafield tag="500"  ind1=" " ind2=" " >
            <marc:subfield code="a">Operador: MI</marc:subfield>
        </marc:datafield>
        <marc:datafield tag="508"  ind1=" " ind2=" " >
            <marc:subfield code="a">Autor: Ciucci Manuel</marc:subfield>
        </marc:datafield>
        <marc:datafield tag="508"  ind1=" " ind2=" " >
            <marc:subfield code="a">Autor: Russo Pablo Mariano</marc:subfield>
        </marc:datafield>
        <marc:datafield tag="508"  ind1=" " ind2=" " >
            <marc:subfield code="a">Autor: Russo Sebastián</marc:subfield>
        </marc:datafield>
        <marc:datafield tag="508"  ind1=" " ind2=" " >
            <marc:subfield code="a">Responsable institucional:  </marc:subfield>
        </marc:datafield>
        <marc:datafield tag="518"  ind1=" " ind2=" " >
            <marc:subfield code="a">alta:2016 12 13</marc:subfield>
        </marc:datafield>
        <marc:datafield tag="650"  ind1=" " ind2="4 " >
            <marc:subfield code="a">CINE</marc:subfield>
        </marc:datafield>
        <marc:datafield tag="650"  ind1=" " ind2="4 " >
            <marc:subfield code="a">HISTORIA</marc:subfield>
        </marc:datafield>
        <marc:datafield tag="650"  ind1=" " ind2="4 " >
            <marc:subfield code="a">ARGENTINA</marc:subfield>
        </marc:datafield>
        <marc:datafield tag="650"  ind1=" " ind2="4 " >
            <marc:subfield code="a">CINE DE LA BASE</marc:subfield>
        </marc:datafield>
        <marc:datafield tag="650"  ind1=" " ind2="4 " >
            <marc:subfield code="a">RAYMUNDO GLEYZER</marc:subfield>
        </marc:datafield>
        <marc:datafield tag="942"  ind1=" " ind2="" >
            <marc:subfield code="c">BK</marc:subfield>
        </marc:datafield>
        <marc:datafield tag="952"  ind1=" " ind2=" " >
            <marc:subfield code="p">00005444</marc:subfield>
            <marc:subfield code="g">$200.-</marc:subfield>
            <marc:subfield code="e">Donación INCAA</marc:subfield>
            <marc:subfield code="f">Préstamo</marc:subfield>
        </marc:datafield>
    </marc:record>