
    <marc:record>
        <marc:leader>01000cam# 22002601a 4500</marc:leader>
        <marc:controlfield tag="001">BCV00006599</marc:controlfield>
        <marc:controlfield tag="003">BCV-S/A</marc:controlfield>
        <marc:controlfield tag="005">20170417093356</marc:controlfield>
        <marc:controlfield tag="008">217 20|        ###||||||q   |||||||ES  ||</marc:controlfield>
        <marc:datafield tag="037"  ind1=" " ind2=" " >
            <marc:subfield code="a">00005447</marc:subfield>
        </marc:datafield>
        <marc:datafield tag="040"  ind1=" " ind2=" " >
            <marc:subfield code="a">BCV</marc:subfield>
            <marc:subfield code="b">spa</marc:subfield>
        </marc:datafield>
        <marc:datafield tag="041"  ind1=" " ind2=" " >
            <marc:subfield code="b">spa</marc:subfield>
        </marc:datafield>
        <marc:datafield tag="044"  ind1=" " ind2=" " >
            <marc:subfield code="b">ag</marc:subfield>
        </marc:datafield>
        <marc:datafield tag="080"  ind1=" " ind2=" " >
            <marc:subfield code="a">791.44.071</marc:subfield>
            <marc:subfield code="2">S67h</marc:subfield>
        </marc:datafield>
        <marc:datafield tag="080"  ind1=" " ind2=" " >
            <marc:subfield code="a">791.44.071</marc:subfield>
        </marc:datafield>
        <marc:datafield tag="100"  ind1=" " ind2=" " >
            <marc:subfield code="a">Sapire Juana</marc:subfield>
        </marc:datafield>
        <marc:datafield tag="245"  ind1="1" ind2="0" >
            <marc:subfield code="a">Hasta la memoria siempre. Raymundo Gleyzer [dvd]</marc:subfield>
            <marc:subfield code="b"></marc:subfield>
            <marc:subfield code="c">Rest. Juana Sapire; Formato: Avi</marc:subfield>
            <marc:subfield code="h">DVD</marc:subfield>
        </marc:datafield>
        <marc:datafield tag="260"  ind1=" " ind2=" " >
            <marc:subfield code="c">2015</marc:subfield>
            <marc:subfield code="b">Instituto Nacional de Cine y Artes Audiovisuales</marc:subfield>
            <marc:subfield code="a">Ciudad Autónoma de Bs As</marc:subfield>
        </marc:datafield>
        <marc:datafield tag="300"  ind1=" " ind2=" " >
            <marc:subfield code="a">1 videograbación (124 min.)</marc:subfield>
            <marc:subfield code="b">son., col.</marc:subfield>
        </marc:datafield>
        <marc:datafield tag="338"  ind1=" " ind2=" " >
            <marc:subfield code="c">DVD</marc:subfield>
        </marc:datafield>
        <marc:datafield tag="500"  ind1=" " ind2=" " >
            <marc:subfield code="a">4 DVD conteniendo las películas: La tierra quema, Ocurrido en Hualfín, Quilino, México la revolución congelada, Nuestras Islas Malvinas, Ceramiqueros de traslacierra, Los traidores, Me matan si no trabajo y si trabajo me matan, Swift, BANADE, Ni olvido ni perdón, Las AAA son las tres armas, Testimonio de Juana Sapire en el juicio por secuestro y desaparición de Raymundo Gleyzer. Los documentales: Raymundo de Ernesto Ardito y Virna Molina y Fuego eterno de Cynthia Sabat</marc:subfield>
        </marc:datafield>
        <marc:datafield tag="500"  ind1=" " ind2=" " >
            <marc:subfield code="a">Acompaña al libro Compañero Raymundo</marc:subfield>
        </marc:datafield>
        <marc:datafield tag="500"  ind1=" " ind2=" " >
            <marc:subfield code="a">Acervo Documental: 1 ej.</marc:subfield>
        </marc:datafield>
        <marc:datafield tag="500"  ind1=" " ind2=" " >
            <marc:subfield code="a">REPERTORIO DE INDIZACION (tesauro): Lista de Encabezamientos de Materia para Bibliotecas. OEA. Bogotá, 1985.</marc:subfield>
        </marc:datafield>
        <marc:datafield tag="500"  ind1=" " ind2=" " >
            <marc:subfield code="a">Operador: MI</marc:subfield>
        </marc:datafield>
        <marc:datafield tag="508"  ind1=" " ind2=" " >
            <marc:subfield code="a">Autor: Sapire Juana</marc:subfield>
        </marc:datafield>
        <marc:datafield tag="508"  ind1=" " ind2=" " >
            <marc:subfield code="a">Responsable institucional: Ministerio de Cultura. Presidencia de la Nación Instituto Nacional de Cine y Artes Audiovisuales(INCAA)(Argentima)(Bs As)</marc:subfield>
        </marc:datafield>
        <marc:datafield tag="518"  ind1=" " ind2=" " >
            <marc:subfield code="a">alta:2017 02 21</marc:subfield>
        </marc:datafield>
        <marc:datafield tag="650"  ind1=" " ind2="4 " >
            <marc:subfield code="a">CINE</marc:subfield>
        </marc:datafield>
        <marc:datafield tag="650"  ind1=" " ind2="4 " >
            <marc:subfield code="a">HISTORIA</marc:subfield>
        </marc:datafield>
        <marc:datafield tag="942"  ind1=" " ind2="" >
            <marc:subfield code="c">VID</marc:subfield>
        </marc:datafield>
        <marc:datafield tag="952"  ind1=" " ind2=" " >
            <marc:subfield code="p">00005447</marc:subfield>
            <marc:subfield code="g">$300.</marc:subfield>
            <marc:subfield code="t">1 ej.</marc:subfield>
            <marc:subfield code="e">Donación INCAA</marc:subfield>
            <marc:subfield code="f">PRES</marc:subfield>
        </marc:datafield>
    </marc:record>