
    <marc:record>
        <marc:leader>01000cam# 22002601a 4500</marc:leader>
        <marc:controlfield tag="001">BCV00006600</marc:controlfield>
        <marc:controlfield tag="003">BCV-S/A</marc:controlfield>
        <marc:controlfield tag="005">20170417093356</marc:controlfield>
        <marc:controlfield tag="008">217 20|        ###||||||b   |||||||ES  ||</marc:controlfield>
        <marc:datafield tag="020"  ind1=" " ind2=" " >
            <marc:subfield code="c">9789874604996</marc:subfield>
        </marc:datafield>
        <marc:datafield tag="037"  ind1=" " ind2=" " >
            <marc:subfield code="a">00005448</marc:subfield>
        </marc:datafield>
        <marc:datafield tag="040"  ind1=" " ind2=" " >
            <marc:subfield code="a">BCV</marc:subfield>
            <marc:subfield code="b">spa</marc:subfield>
        </marc:datafield>
        <marc:datafield tag="041"  ind1=" " ind2=" " >
            <marc:subfield code="b">spa</marc:subfield>
        </marc:datafield>
        <marc:datafield tag="044"  ind1=" " ind2=" " >
            <marc:subfield code="b">ag</marc:subfield>
        </marc:datafield>
        <marc:datafield tag="080"  ind1=" " ind2=" " >
            <marc:subfield code="a">791.44.071</marc:subfield>
            <marc:subfield code="2">S65c</marc:subfield>
        </marc:datafield>
        <marc:datafield tag="080"  ind1=" " ind2=" " >
            <marc:subfield code="a">791.44.071</marc:subfield>
        </marc:datafield>
        <marc:datafield tag="100"  ind1=" " ind2=" " >
            <marc:subfield code="a">Sapire Juana</marc:subfield>
        </marc:datafield>
        <marc:datafield tag="100"  ind1=" " ind2=" " >
            <marc:subfield code="a">Sabat Cynthia</marc:subfield>
        </marc:datafield>
        <marc:datafield tag="245"  ind1="1" ind2="0" >
            <marc:subfield code="a">Compañero Raymundo</marc:subfield>
            <marc:subfield code="b"></marc:subfield>
            <marc:subfield code="c">Juana Sapire ; Cynthia Sabat</marc:subfield>
            <marc:subfield code="h"></marc:subfield>
        </marc:datafield>
        <marc:datafield tag="260"  ind1=" " ind2=" " >
            <marc:subfield code="c">2015</marc:subfield>
            <marc:subfield code="b">Instituto Nacional de Cine y Artes Audiovisuales</marc:subfield>
            <marc:subfield code="a">Ciudad Autónoma de Bs As</marc:subfield>
        </marc:datafield>
        <marc:datafield tag="300"  ind1=" " ind2=" " >
            <marc:subfield code="a">pág. 400 + CD-DVD</marc:subfield>
            <marc:subfield code="b">fot. ; 22 cm.</marc:subfield>
        </marc:datafield>
        <marc:datafield tag="500"  ind1=" " ind2=" " >
            <marc:subfield code="a">Acervo Documental: 1 ej.</marc:subfield>
        </marc:datafield>
        <marc:datafield tag="500"  ind1=" " ind2=" " >
            <marc:subfield code="a">REPERTORIO DE INDIZACION (tesauro): Lista de Encabezamientos de Materia para Bibliotecas. OEA. Bogotá, 1985.</marc:subfield>
        </marc:datafield>
        <marc:datafield tag="500"  ind1=" " ind2=" " >
            <marc:subfield code="a">Operador: MI</marc:subfield>
        </marc:datafield>
        <marc:datafield tag="508"  ind1=" " ind2=" " >
            <marc:subfield code="a">Autor: Sapire Juana</marc:subfield>
        </marc:datafield>
        <marc:datafield tag="508"  ind1=" " ind2=" " >
            <marc:subfield code="a">Autor: Sabat Cynthia</marc:subfield>
        </marc:datafield>
        <marc:datafield tag="518"  ind1=" " ind2=" " >
            <marc:subfield code="a">alta:2017 02 21</marc:subfield>
        </marc:datafield>
        <marc:datafield tag="650"  ind1=" " ind2="4 " >
            <marc:subfield code="a">CINE</marc:subfield>
        </marc:datafield>
        <marc:datafield tag="653"  ind1=" " ind2=" " >
            <marc:subfield code="a">HISTORIA ARGENTINA</marc:subfield>
        </marc:datafield>
        <marc:datafield tag="653"  ind1=" " ind2=" " >
            <marc:subfield code="a">HISTORIA DE TUCUMÁN</marc:subfield>
        </marc:datafield>
        <marc:datafield tag="942"  ind1=" " ind2="" >
            <marc:subfield code="c">BK</marc:subfield>
        </marc:datafield>
        <marc:datafield tag="952"  ind1=" " ind2=" " >
            <marc:subfield code="p">00005448</marc:subfield>
            <marc:subfield code="g">$300.-</marc:subfield>
            <marc:subfield code="t">1 ej.</marc:subfield>
            <marc:subfield code="e">Donación INCAA</marc:subfield>
            <marc:subfield code="f">Préstamo</marc:subfield>
        </marc:datafield>
    </marc:record>