
    <marc:record>
        <marc:leader>01000cam# 22002601a 4500</marc:leader>
        <marc:controlfield tag="001">BCV00006601</marc:controlfield>
        <marc:controlfield tag="003">BCV-S/A</marc:controlfield>
        <marc:controlfield tag="005">20170417093356</marc:controlfield>
        <marc:controlfield tag="008">227 20|        ###||||||b   |||||||ES  ||</marc:controlfield>
        <marc:datafield tag="020"  ind1=" " ind2=" " >
            <marc:subfield code="c">9789873754067</marc:subfield>
        </marc:datafield>
        <marc:datafield tag="037"  ind1=" " ind2=" " >
            <marc:subfield code="a">00005449</marc:subfield>
        </marc:datafield>
        <marc:datafield tag="040"  ind1=" " ind2=" " >
            <marc:subfield code="a">BCV</marc:subfield>
            <marc:subfield code="b">spa</marc:subfield>
        </marc:datafield>
        <marc:datafield tag="041"  ind1=" " ind2=" " >
            <marc:subfield code="b">spa</marc:subfield>
        </marc:datafield>
        <marc:datafield tag="044"  ind1=" " ind2=" " >
            <marc:subfield code="b">ag</marc:subfield>
        </marc:datafield>
        <marc:datafield tag="080"  ind1=" " ind2=" " >
            <marc:subfield code="a">791.43</marc:subfield>
            <marc:subfield code="2">G75v</marc:subfield>
        </marc:datafield>
        <marc:datafield tag="080"  ind1=" " ind2=" " >
            <marc:subfield code="a">791.43</marc:subfield>
        </marc:datafield>
        <marc:datafield tag="100"  ind1=" " ind2=" " >
            <marc:subfield code="a">Grassi Alfredo Julio</marc:subfield>
        </marc:datafield>
        <marc:datafield tag="245"  ind1="1" ind2="0" >
            <marc:subfield code="a">Una vida entre cuadritos y celuloide</marc:subfield>
            <marc:subfield code="b"></marc:subfield>
            <marc:subfield code="c">Alfredo Julio Grassi</marc:subfield>
            <marc:subfield code="h"></marc:subfield>
        </marc:datafield>
        <marc:datafield tag="260"  ind1=" " ind2=" " >
            <marc:subfield code="c">2015</marc:subfield>
            <marc:subfield code="b">Libraria</marc:subfield>
            <marc:subfield code="a">Ciudad Autónoma de Bs As</marc:subfield>
        </marc:datafield>
        <marc:datafield tag="300"  ind1=" " ind2=" " >
            <marc:subfield code="a">176 pág.</marc:subfield>
            <marc:subfield code="b">fot. ; 21 cm.</marc:subfield>
        </marc:datafield>
        <marc:datafield tag="490"  ind1="0" ind2=" " >
            <marc:subfield code="a">Biblioteca ENER INCAA</marc:subfield>
        </marc:datafield>
        <marc:datafield tag="500"  ind1=" " ind2=" " >
            <marc:subfield code="a">Acervo Documental: 1 ej.</marc:subfield>
        </marc:datafield>
        <marc:datafield tag="500"  ind1=" " ind2=" " >
            <marc:subfield code="a">REPERTORIO DE INDIZACION (tesauro): Lista de Encabezamientos de Materia para Bibliotecas. OEA. Bogotá, 1985.</marc:subfield>
        </marc:datafield>
        <marc:datafield tag="500"  ind1=" " ind2=" " >
            <marc:subfield code="a">Operador: MI</marc:subfield>
        </marc:datafield>
        <marc:datafield tag="508"  ind1=" " ind2=" " >
            <marc:subfield code="a">Autor: Grassi Alfredo Julio</marc:subfield>
        </marc:datafield>
        <marc:datafield tag="518"  ind1=" " ind2=" " >
            <marc:subfield code="a">alta:2017 02 22</marc:subfield>
        </marc:datafield>
        <marc:datafield tag="650"  ind1=" " ind2="4 " >
            <marc:subfield code="a">CINE</marc:subfield>
        </marc:datafield>
        <marc:datafield tag="653"  ind1=" " ind2=" " >
            <marc:subfield code="a">HISTORIA ARGENTINA</marc:subfield>
        </marc:datafield>
        <marc:datafield tag="653"  ind1=" " ind2=" " >
            <marc:subfield code="a">MEMORIAS</marc:subfield>
        </marc:datafield>
        <marc:datafield tag="942"  ind1=" " ind2="" >
            <marc:subfield code="c">BK</marc:subfield>
        </marc:datafield>
        <marc:datafield tag="952"  ind1=" " ind2=" " >
            <marc:subfield code="p">00005449</marc:subfield>
            <marc:subfield code="g">$150.-</marc:subfield>
            <marc:subfield code="t">1 ej.</marc:subfield>
            <marc:subfield code="e">Donación INCAA</marc:subfield>
            <marc:subfield code="f">Préstamo</marc:subfield>
        </marc:datafield>
    </marc:record>